<?xml version="1.0" encoding="UTF-8"?><record xmlns="http://www.loc.gov/MARC21/slim" xmlns:cinclude="http://apache.org/cocoon/include/1.0" xmlns:zs="http://www.loc.gov/zing/srw/">
  <leader>00720cz  a2200205n  4500</leader>
  <controlfield tag="001">n  77006133 </controlfield>
  <controlfield tag="003">DLC</controlfield>
  <controlfield tag="005">20100512075118.0</controlfield>
  <controlfield tag="008">770810n| acannaabn          |a ana      </controlfield>
  <datafield tag="010" ind1=" " ind2=" ">
    <subfield code="a">n  77006133 </subfield>
  </datafield>
  <datafield tag="034" ind1=" " ind2=" ">
    <subfield code="d">W0971438</subfield>
    <subfield code="e">W0971438</subfield>
    <subfield code="f">N0372828</subfield>
    <subfield code="g">N0372828</subfield>
    <subfield code="2">geonames</subfield>
  </datafield>
  <datafield tag="035" ind1=" " ind2=" ">
    <subfield code="a">(OCoLC)oca00122765</subfield>
  </datafield>
  <datafield tag="040" ind1=" " ind2=" ">
    <subfield code="a">DLC</subfield>
    <subfield code="b">eng</subfield>
    <subfield code="c">DLC</subfield>
    <subfield code="d">KU</subfield>
    <subfield code="d">OCoLC</subfield>
  </datafield>
  <datafield tag="043" ind1=" " ind2=" ">
    <subfield code="a">n-us-ks</subfield>
  </datafield>
  <datafield tag="151" ind1=" " ind2=" ">
    <subfield code="a">Mulvane (Kan.)</subfield>
  </datafield>
  <datafield tag="451" ind1=" " ind2=" ">
    <subfield code="a">Littleton (Kan.)</subfield>
  </datafield>
  <datafield tag="670" ind1=" " ind2=" ">
    <subfield code="a">Mulvane, city of the valley, 1977 (subj.)</subfield>
    <subfield code="b">t.p. (Mulvane, Kansas)</subfield>
  </datafield>
  <datafield tag="670" ind1=" " ind2=" ">
    <subfield code="a">GNIS, Mar. 10, 2005</subfield>
    <subfield code="b">(Mulvane; ppl., Sumner &amp; Sedgwick counties; variant name: Littleton)</subfield>
  </datafield>
  <datafield tag="670" ind1=" " ind2=" ">
    <subfield code="a">GeoNames, algorithmically matched, 2009</subfield>
    <subfield code="b">(ppl; 37°28ʹ28ʺN 097°14ʹ38ʺW)</subfield>
  </datafield>
  <datafield tag="781" ind1=" " ind2="0">
    <subfield code="z">Kansas</subfield>
    <subfield code="z">Mulvane</subfield>
  </datafield>
</record>